<?xml version="1.0" encoding="UTF-8"?><record xmlns="http://www.loc.gov/MARC21/slim" xmlns:cinclude="http://apache.org/cocoon/include/1.0" xmlns:zs="http://www.loc.gov/zing/srw/">
  <leader>00524nz  a2200145n  4500</leader>
  <controlfield tag="001">no2011158846</controlfield>
  <controlfield tag="003">DLC</controlfield>
  <controlfield tag="005">20111014075313.0</controlfield>
  <controlfield tag="008">111012n| acannaabn          |a aaa     c</controlfield>
  <datafield tag="010" ind1=" " ind2=" ">
    <subfield code="a">no2011158846</subfield>
  </datafield>
  <datafield tag="035" ind1=" " ind2=" ">
    <subfield code="a">(OCoLC)oca09003846</subfield>
  </datafield>
  <datafield tag="040" ind1=" " ind2=" ">
    <subfield code="a">PE-LiUDP</subfield>
    <subfield code="b">eng</subfield>
    <subfield code="c">PE-LiUDP</subfield>
  </datafield>
  <datafield tag="100" ind1="1" ind2=" ">
    <subfield code="a">Fernández, Arturo Nelson</subfield>
  </datafield>
  <datafield tag="400" ind1="1" ind2=" ">
    <subfield code="a">Nelson Fernández, Arturo</subfield>
  </datafield>
  <datafield tag="670" ind1=" " ind2=" ">
    <subfield code="a">Precio y valor, 2001</subfield>
    <subfield code="b">t.p. (Arturo Nelson Fernández)  jkt. (Empresario. Graduado en Comercialización, Postgrado en el Programa de Administración de Empresas IDEA)</subfield>
  </datafield>
</record>